<record><leader>00000cas a22000007a 4500</leader><controlfield tag="001">19527886</controlfield><controlfield tag="008">890410d19801981couwr ne      0    0eng d</controlfield><datafield ind1=" " ind2=" " tag="010"><subfield code="a">sn 89052054 </subfield></datafield><datafield ind1=" " ind2=" " tag="040"><subfield code="a">CNQ</subfield><subfield code="b">eng</subfield><subfield code="c">CNQ</subfield><subfield code="d">OCLCQ</subfield></datafield><datafield ind1=" " ind2=" " tag="042"><subfield code="a">msc</subfield></datafield><datafield ind1="0" ind2="4" tag="245"><subfield code="a">The New Fort Lupton press.</subfield></datafield><datafield ind1="1" ind2="3" tag="246"><subfield code="a">Fort Lupton press</subfield></datafield><datafield ind1=" " ind2=" " tag="260"><subfield code="a">Fort Lupton, Colo. :</subfield><subfield code="b">Paul and Elizabeth Massey</subfield></datafield><datafield ind1=" " ind2=" " tag="300"><subfield code="a">v.</subfield></datafield><datafield ind1=" " ind2=" " tag="310"><subfield code="a">Weekly</subfield></datafield><datafield ind1="0" ind2=" " tag="362"><subfield code="a">Vol. 82, no. 41 (July 3, 1980)-v. 83, no. 51 (Sept. 17, 1981).</subfield></datafield><datafield ind1=" " ind2=" " tag="530"><subfield code="a">Available on microfilm from the Colorado Historical Society.</subfield></datafield><datafield ind1=" " ind2=" " tag="752"><subfield code="a">United States</subfield><subfield code="b">Colorado</subfield><subfield code="c">Weld</subfield><subfield code="d">Fort Lupton.</subfield></datafield><datafield ind1="0" ind2="0" tag="780"><subfield code="t">Fort Lupton press</subfield><subfield code="w">(DLC)sn 89052053</subfield></datafield><datafield ind1="0" ind2="0" tag="785"><subfield code="t">Fort Lupton press (Fort Lupton, Colo. : 1981)</subfield><subfield code="w">(DLC)sn 89052055</subfield></datafield></record>